%Primary Sources
%Anscombe
@book{IWT,
author = "Gertrude Elizabeth Margaret Anscombe",
title = "An Introduction to Wittgenstein's Tractatus",
publisher = "St. Augustine's Press, Indiana",
year = "1971",
keywords = "primary, anscombe",
}

%St. Andrews Studies Essays Collection
@book{FPW,
editor = "Mary Geach and Luke Gormally",
title = "From Plato to Wittgenstein",
publisher = "Imprint Academic",
year = "2011",
keywords = "primary, anscombe, standrews",
}

@incollection{twocuts,
author = "Gertrude Elizabeth Margaret Anscombe",
booktitle = "From Plato to Wittgenstein",
title = "Wittgenstein's 'two cuts' in the history of philosophy",
publisher = "Imprint Academic",
year = "2011",
keywords = "primary, anscombe, standrews",
}

@incollection{simplicity,
author = "Gertrude Elizabeth Margaret Anscombe",
booktitle = "From Plato to Wittgenstein",
title = "The Simplicity of the Tractatus",
publisher = "Imprint Academic",
year = "2011",
keywords = "primary, anscombe, standrews",
}


%Collected Papers
@book{M&PotM,
author = "Gertrude Elizabeth Margaret Anscombe",
title = "Metaphysics and the Philosophy of the Mind",
series = "The Collected Philosophical Papers of G.E.M. Anscombe",
volume = "2",
publisher = "Blasil Blackwell, Oxford",
year = "1981",
keywords = "primary, anscombe, collected",
}

@book{ER&P,
author = "Gertrude Elizabeth Margaret Anscombe",
title = "Ethics, Religion and Politics",
series = "The Collected Philosophical Papers of G.E.M. Anscombe",
volume = "3",
publisher = "Blasil Blackwell, Oxford",
year = "1981",
keywords = "primary, anscombe, collected",
}

%Collected Papers Articles
@incollection{faith,
author = "Gertrude Elizabeth Margaret Anscombe",
booktitle = "Ethics, Religion and Politics",
title = "Faith",
publisher = "Blasil Blackwell, Oxford",
year = "1981",
keywords = "primary, anscombe, standrews",
}

%Books on Anscombe
@book{teichmann,
author = "Roger Teichmann",
title = "The Philosophy of Elizabeth Anscombe",
publisher = "Oxford University Press",
year = "2008",
keywords = "primary, anscombe, teichmann",
}

@incollection{biofellows,
author = "Jenny Teichman",
%editor = "F. M. L. Thompson",
booktitle = "Biographical Memoirs of Fellows I",
title = "Gertrude Elizabeth Margaret Anscombe, 1919-2001",
publisher = "Oxford University Press, Oxford",
year = "2002",
series= "Proceedings of the British Academy",
volume = "115",
keywords = "bio, anscombe",
}

@book{accint,
author = "José María Torralba",
title = "Acción Intencional y Razonamiento Práctico Según G.E.M. Anscombe",
publisher = "Ediciones Universidad de Navarra, S.A., Pamplona",
year = "2005",
series = "Colección Filosófica",
volume = "189",
keywords = "anscombe, torralba",
}

%Wittgenstein
@book{tractatus,
author = "Ludwig Wittgenstein",
title = "Tractatus Logico-Philosophicus",
publisher = "Dover Publications, Mineola, New York",
year = "1999",
keywords = "primary, wittgenstein",
}

@book{PI,
author = "Ludwig Wittgenstein",
title = "Philosophical Investigations",
publisher = "Wiley Blackwell",
year = "2009",
edition = "4",
keywords = "primary, wittgenstein",
}

%Secondary Sources
%Wittgesntein's Biographies
@book{monk,
author = "Ray Monk",
title = "Ludwig Wittgenstein: the duty of genius",
publisher = "Vintage, London",
year = "1991",
keywords = "primary, wittgenstein, biography",
}

@book{mcguinness,
author = "Brian McGuinness",
title = "Wittgenstein: A Life",
subtitle = "Young Ludwig 1889-1921",
publisher = "University of California Press",
year = "1988",
keywords = "primary, wittgenstein, biography",
}


%Wittgenstein's Diaries
@book{cnv,
author = "Ludwig Wittgenstein",
editor = "Georg Henrik von Wright and Heikki Nyman and Alois Pichler",
title = "Culture and Value",
publisher = "Blackwell Publishing, Oxford",
year = "1998",
edition = {2 Rev.},
keywords = "primary, wittgenstein, biography",
}

%Wittgenstein's Letters
@book{cambridgeletters,
editor = "Brian McGuinness",
title = "Wittgenstein in Cambridge",
subtitle = "Letters and Documents 1911-1951",
publisher = "Wiley-Blackwell",
year = "2012",
keywords = "primary, wittgenstein, biography",
}


%Russell
@book{introtomathphi,
author = "Bertrand Russell",
title = "Introduction to Mathematical Philosophy",
publisher = "Nottingham, Spokesman.",
year = "2008",
note = "Reprint, Originally published in London in Allen and Unwin, 1919.",
keywords = "primary, wittgenstein, biography",
}


%The Tablet, for news and testimonies
@article{wisemanlects,
    author  = "",
    title   = "From Our Notebook",
    day     = "13",
    month   = "11",
    year    = "1971",
    journal = "Tablet",
    volume  = "225",
    number  = "6858"
}

%Public and Private Occasions
@book{pubnpriv,
editor = "James C. Klagge and Alfred Nordman",
title = "Ludwig Wittgenstein",
subtitle = "Public and Private Occasions",
publisher = "{Rowman \& Littlefield Publishers Inc.}, Maryland",
year = "2003",
keywords = "secondary, wittgenstein, biography",
}
