@book{wittgenstein1922tractatus,
author = "Ludwig Wittgenstein",
title = "Tractatus Logico-Philosophicus",
publisher = "Dover Publications, Mineola, New York",
year = "1999",
keywords = "primary, wittgenstein",
}

@book{wittgenstein1953phiinv,
author = "Ludwig Wittgenstein",
title = "Philosophical Investigations",
publisher = "Wiley Blackwell",
year = "2009",
edition = "4",
keywords = "primary, wittgenstein",
}

@book{wittgenstein1956remmath,
author = "Ludwig Wittgenstein",
title = "Remarks on the Foundations of Mathematics",
publisher = "Basil Blackwell",
year = "1956",
%edition = "4",
keywords = "primary, wittgenstein",
}

@book{IWT, 
author={Gertrude Elizabeth Margaret Anscombe}, 
title={An Introduction to Wittgenstein's Tractatus},
publisher={St. Augustine's Press, Indiana}, 
year={1971},
keywords={primary, anscombe}
}

@mvcollection{anscombe1981parmenides,
title={From Parmenides to Wittgenstein},
author={Gertrude Elizabeth Margaret Anscombe},
editor={Gertrude Elizabeth Margaret Anscombe},
isbn={9780631129226},
lccn={81004317},
series={The collected philosophical papers of G.E.M. Anscombe},
volume={1},
publisher={Basil Blackwell, Oxford},
year={1981},
keywords={Anscombe Elizabeth; Wittgenstein; Logic; Parmenides; Primary Source},
abstract={Writing on philosophy of mind, philosophy of action, philosophy of
                  language, and philosophical logic, Anscombe is known as one of
                  analytical Thomisms's most prominent figures. This collection
                  includes her writing on the work of her teacher, Ludwig
                  Wittgenstein, with whom she worked closely as co-editor and
                  translator.}
}

@incollection{anscombe1981parmenidesintro,
booktitle={From Parmenides to Wittgenstein},
title={Introduction},
author={Gertrude Elizabeth Margaret Anscombe},
series={The collected philosophical papers of G.E.M. Anscombe},
volume={1},
publisher={Basil Blackwell, Oxford},
year={1981},
keywords={Anscombe Elizabeth; Wittgenstein; Logic; Parmenides; Primary Source},
abstract={}
}

@incollection{anscombe1981parmenidespmc,
booktitle={From Parmenides to Wittgenstein},
title={Parmenides, Mystery and Contradiction},
author={Gertrude Elizabeth Margaret Anscombe},
series={The collected philosophical papers of G.E.M. Anscombe},
volume={1},
publisher={Basil Blackwell, Oxford},
year={1981},
keywords={Anscombe Elizabeth; Wittgenstein; Logic; Parmenides; Primary Source},
abstract={}
}

@incollection{anscombe1981parmenidesetof,
booktitle={From Parmenides to Wittgenstein},
title={The Early Theory of Forms},
author={Gertrude Elizabeth Margaret Anscombe},
series={The collected philosophical papers of G.E.M. Anscombe},
volume={1},
publisher={Basil Blackwell, Oxford},
year={1981},
keywords={Anscombe Elizabeth; Wittgenstein; Logic; Parmenides; Primary Source},
abstract={}
}

@mvcollection{anscombe1981metaphysics,
title={Metaphysics and the Philosophy of the Mind},
author={Gertrude Elizabeth Margaret Anscombe},
editor={Gertrude Elizabeth Margaret Anscombe},
isbn={9780816610808},
series={The collected philosophical papers of G.E.M. Anscombe},
volume={2},
publisher={Basil Blackwell, Oxford},
year={1981},
keywords={Anscombe Elizabeth; Perception; Sensation; Primary Source},
abstract={Metaphysics and the Philosophy of Mind: The collected Philosophical
                  Papers of G.E.M. Anscombe, Volume 2, is part of a multivolume
                  compilation of her life's work, providing insight into the
                  mind of a groundbreaking 20th century philosopher. This
                  volume's work explores memory, intentionality, causality and
                  time, delving into the language, actions, and logic of
                  perception, sensation, and more.}
}

@incollection{anscombe1981metaphysicsintro,
booktitle={Metaphysics and the Philosophy of the Mind},
title={Introduction},
author={Gertrude Elizabeth Margaret Anscombe},
series={The collected philosophical papers of G.E.M. Anscombe},
volume={2},
publisher={Basil Blackwell, Oxford},
year={1981},
keywords={Anscombe Elizabeth; Wittgenstein; Logic; Parmenides; Primary Source},
abstract={}
}

@mvcollection{anscombe1981ethics,
title={From Parmenides to Wittgenstein},
author={Gertrude Elizabeth Margaret Anscombe},
editor={Gertrude Elizabeth Margaret Anscombe},
isbn={9780631129226},
lccn={81004317},
series={The collected philosophical papers of G.E.M. Anscombe},
volume={3},
publisher={Basil Blackwell, Oxford},
year={1981},
keywords = {Anscombe Elizabeth; Ethics; Religion; Politics; Primary Source},
abstract = {Gertrude Elizabeth Margaret Anscombe is considered one of analytical
                  philosophy's most prominent figures and a leader in the field
                  of virtue ethics. Ethics, Religion, and Politics: Collected
                  Philosophical Papers, Volume 3, is part of a multi-volume
                  compilation of her work surrounding the philosophy of mind,
                  philosophy of action, philosophy of language, philosophical
                  logic, and ethics. This volume includes selected works
                  relating to consequentialism, intention, and more, providing
                  Ascombe scholars with a high-level view of her evolution of
                  thought.}
}

@incollection{faith,
author = "Gertrude Elizabeth Margaret Anscombe",
booktitle = "Ethics, Religion and Politics",
title = "Faith",
publisher = "Blasil Blackwell, Oxford",
year = "1981",
keywords = "primary, anscombe, standrews",
}

@mvcollection{anscombe2011parmenides,
title={From Plato to Wittgenstein},
author={Gertrude Elizabeth Margaret Anscombe},
editora={Mary Geach},
editorb={Luke Gormally},
isbn={9781845402334},
series={St. Andrews Studies in Philosophy and Public Affairs},
publisher={Imprint Academic},
year={2011},
keywords={Anscombe Elizabeth; Primary Source; St Andrews}
}

@incollection{twocuts,
author = "Gertrude Elizabeth Margaret Anscombe",
booktitle = "From Plato to Wittgenstein",
title = "Wittgenstein's 'two cuts' in the history of philosophy",
publisher = "Imprint Academic",
year = "2011",
keywords = "primary, anscombe, standrews",
}

@incollection{simplicity,
author = "Gertrude Elizabeth Margaret Anscombe",
booktitle = "From Plato to Wittgenstein",
title = "The Simplicity of the Tractatus",
publisher = "Imprint Academic",
year = "2011",
keywords = "primary, anscombe, standrews",
}
