%Books on Anscombe
@book{teichmann,
author = "Roger Teichmann",
title = "The Philosophy of Elizabeth Anscombe",
publisher = "Oxford University Press",
year = "2008",
keywords = "primary, anscombe, teichmann",
}
