@incollection{dicctf,
    editor    = "René Latourelle and Rino Fisichella and Salvador Pié I Ninot",
    booktitle = "Diccionario de Teología Fundamental",
    publisher = "San Pablo, Madrid",
    author    = "René Latourelle",
    title     = "Testimonio",
    %volume   = "",
    %number   = "",
    %series   = "",
    %address  = "",
    edition  = "2",
    year      = "2000",
    pages     = "1523--1542",
    %month    = "",
    %note     = "",
}

@incollection{ninotTF,
    editor    = "César Izquierdo",
    booktitle = "Teología Fundamental",
    booksubtitle = "Temas y Propuestas para el Nuevo Milenio",
    publisher = "Desclée de Brouwer, Bilbao",
    author    = "Salvador Pié I Ninot",
    title     = "La Identidad de la Teología Fundamental",
    subtitle  = "Del Vaticano {II} a la Encíclica Fe y Razón: hacia una propuesta",
    %volume   = "",
    %number   = "",
    %series   = "",
    %address  = "",
    %edition  = "2",
    year      = "1999",
    pages     = "20--80",
    %month    = "",
    %note     = "",
}

@incollection{pradesmulticr,
    editor    = "Javier Prades and Manuel Oriol",
    booktitle = "Los Retos del Multiculturalismo",
    publisher = "Encuentro, Madrid",
    author    = "Javier Prades",
    title     = "Conocer la Verdad a Través de Testigos",
    subtitle  = "La Fe Cristiana en el Contexto del Diálogo Interreligioso",
    %volume   = "",
    %number   = "",
    %series   = "",
    %address  = "",
    %edition  = "",
    year      = "2009",
    pages     = "267--284",
    %month    = "",
    %note     = "",
}

@incollection{truthanscombe,
    editor    = "Mary Geach and Luke Gormally",
    booktitle = "From Plato to Wittgenstein",
    publisher = "St Andrews Studies in Philosophy and Public Affairs",
    author    = "Gertrude Elizabeth Margaret Anscombe",
    title     = "Truth: Anselm and Wittgenstein",
    %volume   = "",
    %number   = "",
    %series   = "",
    %address  = "",
    %edition  = "",
    year      = "2011",
    pages     = "71--76",
    %month    = "",
    %note     = "",
}

@incollection{opinionsanscombe,
    editor    = "Mary Geach and Luke Gormally",
    booktitle = "Faith in a Hard Ground",
    publisher = "St Andrews Studies in Philosophy and Public Affairs",
    author    = "Gertrude Elizabeth Margaret Anscombe",
    title     = "Twenty Opinions Common among Modern Anglo-American Philosophers",
    %volume   = "",
    %number   = "",
    %series   = "",
    %address  = "",
    %edition  = "",
    year      = "2008",
    pages     = "66--68",
    %month    = "",
    %note     = "",
}

@book{cyc,
author = "Francisco Conesa",
title = "Creer y Conocer",
subtitle = "El Valor Cogonoscitivo de la Fe en la Filosofía Analítica",
publisher = "EUNSA, Pamplona",
year = "1994",
}

@book{testcoady,
author = "Cecil Anthony John Coady",
title = "Testimony",
publisher = "Oxford",
year = "2002",
}

@book{teichmann,
author = "Roger Teichmann",
title = "The Philosophy of Elizabeth Anscombe",
publisher = "Oxford University Press",
year = "2008",
}

@book{antiseri,
author = "Dario Antiseri",
title = "El Problema del Lenguaje Religioso",
publisher = "Cristiandad, Madrid",
year = "1976",
}

@article{feylogicaconesa,
    author    = "Francisco Conesa",
    title     = "La Fe y la Lógica del Testimonio",
    journal   = "Scripta Theologica",
    volume   = "26",
    %number   = "",
    pages    = "483--512",
    year      = "1994",
    %month    = "",
    %note     = "",
}

@article{ftcpellitero,
    author    = "Ramiro Pellitero",
    title     = "La Fuerza del Testimonio Cristiano",
    journal   = "Scripta Theologica",
    volume   = "39",
    %number   = "",
    pages    = "367--402",
    year      = "2007",
    %month    = "",
    %note     = "",
}

@incollection{aguscomentjn,
    author    = "{San Agustín de Hipona}",
    title     = "Tratados Sobre el {E}vangelio de {S}an {J}uan",
    booktitle = "Obras de San Agustín",
    %title = "Tratado {I}",
    editor   = "Teófilo Prieto, Fr.",
    volume   = "XIII",
    %number   = "",
    %series   = "",
    pages    = "72--95",
    %address  = "",
    year      = "1955",
    %month    = "12",
    publisher= "B. A. C.",
    %note     = "",
}

@incollection{greg,
    author    = "{San Gregorio Magno}",
    title     = "{H}omilías {S}obre los {E}vangelios",
    booktitle = "Nebli, Clásicos de Espiritalidad",
    %title = "Homilía 26",
    volume   = "XIII",
    %number   = "",
    %series   = "",
    pages    = "142--154",
    %address  = "",
    year      = "2000",
    %month    = "12",
    publisher= "Ediciones RIALP, S. A.",
    %note     = "",
}

@proceedings{benxvi,
    address = "Sala Clementina, Roma",
    %author = "",
    booktitle = "Discurso del Santo Padre {Benedicto} {XVI} en el Encuentro con los Obispos que Participaron en el Concilio Vaticano {II} y un Grupo de Presidentes de Conferencias Episcopales",
    %title = "Discurso del Santo Padre {Benedicto} {XVI}",
    year = "2012",
    month = "10",
    day = "12",
}


