%Anscombe
%Collected Philosophical Papers
@incollection{collectedppIref,
    booktitle     = "Collected Philosophical Papers",
    title = "From Parmenides to Wittgenstein",
    publisher = "Basil Blackwell, Oxford",
    author    = "Gertrude Elizabeth Margaret Anscombe",
    volume   = "1",
    %number   = "",
    %series   = "",
    %address  = "",
    %edition  = "",
    year      = "1981",
    %pages     = "71--76",
    %month    = "1",
    %note     = "",
    keywords   = "anscombe",
}

@incollection{collectedppIIref,
    booktitle     = "Collected Philosophical Papers",
    title = "Metaphysics and the Philosophy of the Mind",
    publisher = "Basil Blackwell, Oxford",
    author    = "Gertrude Elizabeth Margaret Anscombe",
    volume   = "2",
    %number   = "",
    %series   = "",
    %address  = "",
    %edition  = "",
    year      = "1981",
    %pages     = "71--76",
    %month    = "2",
    %note     = "",
    keywords   = "anscombe",
}

@incollection{collectedppIIIref,
    booktitle     = "Collected Philosophical Papers",
    title = "Ethics, Religion and Politics",
    publisher = "Basil Blackwell, Oxford",
    author    = "Gertrude Elizabeth Margaret Anscombe",
    volume   = "3",
    %number   = "",
    %series   = "",
    %address  = "",
    %edition  = "",
    year      = "1981",
    %pages     = "71--76",
    %month    = "3",
    %note     = "",
    keywords   = "anscombe",    
}

%St Andrews Collection
@collection{hlaeref,
editor = "Mary Geach and Luke Gormally",
title = "Human Life, Action and Ethics",
publisher = "St. Andrews Studies in Philosophy and Public Affairs",
year = "2005",
keywords   = "standrews",
}

@collection{fhgref,
editor = "Mary Geach and Luke Gormally",
title = "Faith in a Hard Ground",
publisher = "St. Andrews Studies in Philosophy and Public Affairs",
year = "2008",
keywords   = "standrews",
}

@collection{ptowref,
editor = "Mary Geach and Luke Gormally",
title = "From Plato to Wittgenstein",
publisher = "St. Andrews Studies in Philosophy and Public Affairs",
year = "2011",
keywords   = "standrews",
}

% Conferencias
@book{torralbaref,
editor = "José María Torralba and Jaime Nubiola",
title = "La Filosofía Analítica y la Espiritualidad del Hombre",
publisher = "EUNSA, Navarra",
year = "2005",
keywords   = "conferencias",
}

%Otros Escritos
@book{intentionref,
author = "Gertrude Elizabeth Margaret Anscombe",
title = "Intention",
publisher = "Basil Blackwell, England",
year = "1957",
keywords   = "otros",
}

@book{introtractref,
author = "Gertrude Elizabeth Margaret Anscombe",
title = "An Introduction to Wittgenstein's Tractatus",
subtitle = "Themes in the Philosophy of Wittgenstein",
publisher = "Hutchinson, London",
year = "1971",
keywords   = "otros",
}

%Estudios sobre Anscombe

@book{lcateichref,
editor = "Roger Teichmann",
title = "Logic, Cause and Action",
publisher = "Cambridge Universtiy Press",
year = "2000",
keywords   = "estudios",
}

@book{philteichref,
author = "Roger Teichmann",
title = "The Philosophy of Elizabeth Anscombe",
publisher = "Oxford University Press",
year = "2008",
keywords   = "estudios",
}

%Wittgenstein
@book{tractatusref,
author = "Ludwig Wittgenstein",
translator = "C. K. Ogden",
title = "Tractatus Logico-Philosophicus",
publisher = "Dover Publications Inc., Mineola, Nueva York",
origdate = "1922",
origpublisher = "Routledge & Kegan Paul Ltd., London",
year = "1999",
keywords   = "witt",
}

@book{philinvref,
author = "Ludwig Wittgenstein",
translator = "Gertrude Elizabeth Margaret Anscombe",
title = "Philosophical Investigations",
publisher = "Blackwell Publishing, Malden, MA",
year = "2001",
edition = "3",
keywords   = "witt",
}

@book{oncertref,
author = "Ludwig Wittgenstein",
editor = "G. H. Wright and Gertrude Elizabeth Margaret Anscombe",
translator = "Gertrude Elizabeth Margaret Anscombe and Denis Paul",
title = "On Certainty",
publisher = "Harper {\&} Row, Nueva York",
year = "1972",
keywords   = "witt",
}

@book{notebooksref,
author = "Ludwig Wittgenstein",
editor = "G. H. Wright and Gertrude Elizabeth Margaret Anscombe",
translator = "Gertrude Elizabeth Margaret Anscombe",
title = "Notebooks 1914-1916",
publisher = "Basil Blackwell, Oxford",
year = "1961",
edition = "2",
keywords   = "witt",
}

%Sobre fe y filosofía Analítica
@book{antiseriref,
author = "Dario Antiseri",
title = "El Problema del Lenguaje Religioso",
publisher = "Cristiandad, Madrid",
year = "1976",
keywords = "fefilo"
}

@book{cycref,
author = "Francisco Conesa",
title = "Creer y Conocer",
subtitle = "El Valor Cogonoscitivo de la Fe en la Filosofía Analítica",
publisher = "EUNSA, Pamplona",
year = "1994",
keywords = "fefilo"
}

%Sobre el Testimonio

@incollection{dicctfref,
    editor    = "René Latourelle and Rino Fisichella and Salvador Pié I Ninot",
    booktitle = "Diccionario de Teología Fundamental",
    publisher = "San Pablo, Madrid",
    author    = "René Latourelle",
    title     = "Testimonio", 
    edition  = "2",
    year      = "2000",
    pages     = "1523--1542",
    keywords  = "testimonio",
}

@book{testcoadyref,
author = "Cecil Anthony John Coady",
title = "Testimony",
publisher = "Oxford",
year = "2002",
keywords = "testimonio",
}

@article{ftcpelliteroref,
    author    = "Ramiro Pellitero",
    title     = "La Fuerza del Testimonio Cristiano",
    journal   = "Scripta Theologica",
    volume   = "39",
    pages    = "367--402",
    year      = "2007",
    keywords = "testimonio",
}

@article{callaghanref,
    author    = "Paul O'Callaghan",
    title     = "El Testimonio de Cristo y de los Cristianos",
    subtitle  = "Una Reflexión sobre el Método Teológico",
    journal   = "Scripta Theologica",
    volume   = "38",
    pages    = "501--568",
    year      = "2006",
    keywords = "testimonio",
}

@article{feylogicaconesaref,
    author    = "Francisco Conesa",
    title     = "La Fe y la Lógica del Testimonio",
    journal   = "Scripta Theologica",
    volume   = "26", 
    pages    = "483--512",
    year      = "1994",
    keywords = "testimonio",
}

%Sobre Teología Fundamental
@collection{pradesmulticrref,
    editor    = "Javier Prades and Manuel Oriol",
    title = "Los Retos del Multiculturalismo",
    publisher = "Encuentro, Madrid",
    year      = "2009",
    keywords  = "tfund",
}

@collection{CITFref,
    editor    = "César Izquierdo",
    title = "Teología Fundamental",
    subtitle = "Temas y Propuestas para el Nuevo Milenio",
    publisher = "Desclée de Brouwer, Bilbao", 
    year      = "1999",
    keywords  = "tfund",
}


%Documentos Conciliares
@book{dvref,
author = "{Concilio Vaticano II}",
title = "Dei Verbum",
keywords = "mag",
}

@misc{lgref,
author = "{Concilio Vaticano II}",
title = "Lumen Gentium",
keywords = "mag",
}

@book{gsref,
author = "{Concilio Vaticano II}",
title = "Gaudium et Spes",
keywords = "mag",
}


%Documentos Magisteriales
@book{frref,
author = "{Juan Pablo II}",
title = "Fides et Ratio",
keywords = "mag",
}

@book{EGref,
author = "{Francisco}",
title = "Evangelii Gaudium",
keywords = "mag",
}

@book{PFref,
author = "{Benedicto XVI}",
title = "Porta Fidei",
keywords = "mag",
}

@book{ENPref,
author = "{Pablo VI}",
title = "Evangelii Nuntiandi",
keywords = "mag",
}