@book{kierkegaard2006uno,
  title={O lo uno o lo otro. Un fragmento de vida I: Escritos 2},
  author={Kierkegaard, S. and Tajafuerce, B.S. and Gonz{\'a}lez, D.},
%  isbn={9788481648072},
  series={Colecci{\'o}n Estructuras y procesos: Serie Filosof{\'i}a},
%  url={https://books.google.com.pr/books?id=T\_NzPwAACAAJ},
  year={2006},
  publisher={Trotta}
}

@book{gerhard1896theatre,
  title={Theatre Fires and Panics: Their Causes and Prevention},
  author={Gerhard, W.P.},
  number={v. 1},
%  lccn={08035982},
  series={Theatre Fires and Panics: Their Causes and Prevention},
%  url={https://books.google.com.pr/books?id=ZDQJAQAAIAAJ},
  year={1896},
  publisher={J. Wiley \& sons}
}

@book{introcrist,
  title={Introducci{\'o}n al Cristianismo},
  author={Joseph Ratzinger},
%  isbn={8430106715},
  year={2007},
  publisher={S{\'i}gueme}
}

@book{anteo,
  title={La Analogía Teológica},
  author={Pablo Dominguez Prieto},
  year={2009},
  publisher={Publicaciones San Dámaso}
}

@book{ayer,
  title={Lenguaje Verdad y Lógica},
  author={A. J. Ayer},
  year={1967},
  publisher={Barcelona}
}

@book{cyc,
  title={Creer y Conocer},
  author={F. Conesa},
  year={1994},
  publisher={EUNSA}
}

@book{zubiri,
  title={Inteligencia Sentiente},
  author={X. Zubiri},
  year={1980},
  publisher={Madrid}
}

@book{tractatus,
author = "Ludwig Wittgenstein",
title = "Tractatus Logico-Philosophicus",
publisher = "Dover Publications, Mineola, New York",
year = "1999",
keywords = "primary, wittgenstein",
}

@book{PI,
author = "Ludwig Wittgenstein",
title = "Philosophical Investigations",
publisher = "Wiley Blackwell",
year = "2009",
edition = "4",
keywords = "primary, wittgenstein",
}

@incollection{faith,
author = "Gertrude Elizabeth Margaret Anscombe",
booktitle = "Ethics, Religion and Politics",
title = "Faith",
publisher = "Blasil Blackwell, Oxford",
year = "1981",
keywords = "primary, anscombe, standrews",
}

@incollection{belief,
author = "Gertrude Elizabeth Margaret Anscombe",
booktitle = "Ethics, Religion and Politics",
title = "What is it to believe someone?",
publisher = "Blasil Blackwell, Oxford",
year = "1981",
keywords = "primary, anscombe, standrews",
}


@article{wisemanlects,
    author  = "",
    title   = "From Our Notebook",
    day     = "13",
    month   = "11",
    year    = "1971",
    journal = "Tablet",
    volume  = "225",
    number  = "6858"
}

