%Primary Sources
@book{IWT,
author = "Gertrude Elizabeth Margaret Anscombe",
title = "An Introduction to Wittgenstein's Tractatus",
publisher = "St. Augustine's Press, Indiana",
year = "1971",
keywords = "primary",
}